%YAML 1.1
%TAG !u! tag:unity3d.com,2011:
--- !u!1 &131494
GameObject:
  m_ObjectHideFlags: 1
  m_PrefabParentObject: {fileID: 0}
  m_PrefabInternal: {fileID: 100100000}
  serializedVersion: 4
  m_Component:
  - 4: {fileID: 462846}
  - 212: {fileID: 21203638}
  - 60: {fileID: 6098070}
  m_Layer: 0
  m_Name: rockGrassDown
  m_TagString: Untagged
  m_Icon: {fileID: 0}
  m_NavMeshLayer: 0
  m_StaticEditorFlags: 0
  m_IsActive: 1
--- !u!1 &150968
GameObject:
  m_ObjectHideFlags: 1
  m_PrefabParentObject: {fileID: 0}
  m_PrefabInternal: {fileID: 100100000}
  serializedVersion: 4
  m_Component:
  - 4: {fileID: 435064}
  - 212: {fileID: 21287938}
  - 60: {fileID: 6014364}
  m_Layer: 0
  m_Name: rockGrassDown
  m_TagString: Untagged
  m_Icon: {fileID: 0}
  m_NavMeshLayer: 0
  m_StaticEditorFlags: 0
  m_IsActive: 1
--- !u!1 &151780
GameObject:
  m_ObjectHideFlags: 0
  m_PrefabParentObject: {fileID: 0}
  m_PrefabInternal: {fileID: 100100000}
  serializedVersion: 4
  m_Component:
  - 4: {fileID: 488274}
  - 61: {fileID: 6140554}
  m_Layer: 0
  m_Name: Point
  m_TagString: Point
  m_Icon: {fileID: 0}
  m_NavMeshLayer: 0
  m_StaticEditorFlags: 0
  m_IsActive: 1
--- !u!1 &155850
GameObject:
  m_ObjectHideFlags: 1
  m_PrefabParentObject: {fileID: 0}
  m_PrefabInternal: {fileID: 100100000}
  serializedVersion: 4
  m_Component:
  - 4: {fileID: 448216}
  - 212: {fileID: 21296608}
  - 60: {fileID: 6084298}
  m_Layer: 0
  m_Name: rockDown
  m_TagString: Untagged
  m_Icon: {fileID: 0}
  m_NavMeshLayer: 0
  m_StaticEditorFlags: 0
  m_IsActive: 1
--- !u!1 &178542
GameObject:
  m_ObjectHideFlags: 1
  m_PrefabParentObject: {fileID: 0}
  m_PrefabInternal: {fileID: 100100000}
  serializedVersion: 4
  m_Component:
  - 4: {fileID: 404600}
  - 212: {fileID: 21293494}
  - 60: {fileID: 6016962}
  m_Layer: 0
  m_Name: rockDown
  m_TagString: Untagged
  m_Icon: {fileID: 0}
  m_NavMeshLayer: 0
  m_StaticEditorFlags: 0
  m_IsActive: 1
--- !u!1 &187340
GameObject:
  m_ObjectHideFlags: 0
  m_PrefabParentObject: {fileID: 0}
  m_PrefabInternal: {fileID: 100100000}
  serializedVersion: 4
  m_Component:
  - 4: {fileID: 450438}
  m_Layer: 0
  m_Name: BottomRocks
  m_TagString: Untagged
  m_Icon: {fileID: 0}
  m_NavMeshLayer: 0
  m_StaticEditorFlags: 0
  m_IsActive: 1
--- !u!1 &194446
GameObject:
  m_ObjectHideFlags: 0
  m_PrefabParentObject: {fileID: 0}
  m_PrefabInternal: {fileID: 100100000}
  serializedVersion: 4
  m_Component:
  - 4: {fileID: 403764}
  - 114: {fileID: 11414788}
  m_Layer: 0
  m_Name: Rocks
  m_TagString: Untagged
  m_Icon: {fileID: 0}
  m_NavMeshLayer: 0
  m_StaticEditorFlags: 0
  m_IsActive: 1
--- !u!1 &195388
GameObject:
  m_ObjectHideFlags: 0
  m_PrefabParentObject: {fileID: 0}
  m_PrefabInternal: {fileID: 100100000}
  serializedVersion: 4
  m_Component:
  - 4: {fileID: 465002}
  m_Layer: 0
  m_Name: TopRocks
  m_TagString: Untagged
  m_Icon: {fileID: 0}
  m_NavMeshLayer: 0
  m_StaticEditorFlags: 0
  m_IsActive: 1
--- !u!4 &403764
Transform:
  m_ObjectHideFlags: 1
  m_PrefabParentObject: {fileID: 0}
  m_PrefabInternal: {fileID: 100100000}
  m_GameObject: {fileID: 194446}
  m_LocalRotation: {x: 0, y: 0, z: 0, w: 1}
  m_LocalPosition: {x: 0, y: 4.47, z: 0}
  m_LocalScale: {x: 1, y: 1, z: 1}
  m_Children:
  - {fileID: 465002}
  - {fileID: 450438}
  - {fileID: 488274}
  m_Father: {fileID: 0}
  m_RootOrder: 0
--- !u!4 &404600
Transform:
  m_ObjectHideFlags: 1
  m_PrefabParentObject: {fileID: 0}
  m_PrefabInternal: {fileID: 100100000}
  m_GameObject: {fileID: 178542}
  m_LocalRotation: {x: 0, y: 0, z: 0, w: 1}
  m_LocalPosition: {x: -0.57, y: -0.26, z: 0}
  m_LocalScale: {x: 2.0630662, y: 2.2620828, z: 1}
  m_Children: []
  m_Father: {fileID: 465002}
  m_RootOrder: 0
--- !u!4 &435064
Transform:
  m_ObjectHideFlags: 1
  m_PrefabParentObject: {fileID: 0}
  m_PrefabInternal: {fileID: 100100000}
  m_GameObject: {fileID: 150968}
  m_LocalRotation: {x: 0, y: 0, z: 0, w: 1}
  m_LocalPosition: {x: -0.03, y: 0.21, z: 0}
  m_LocalScale: {x: 1.6637897, y: 1.8249538, z: 1}
  m_Children: []
  m_Father: {fileID: 450438}
  m_RootOrder: 1
--- !u!4 &448216
Transform:
  m_ObjectHideFlags: 1
  m_PrefabParentObject: {fileID: 0}
  m_PrefabInternal: {fileID: 100100000}
  m_GameObject: {fileID: 155850}
  m_LocalRotation: {x: 0, y: 0, z: 0, w: 1}
  m_LocalPosition: {x: -0.57, y: -0.26, z: 0}
  m_LocalScale: {x: 2.0630662, y: 2.2620828, z: 1}
  m_Children: []
  m_Father: {fileID: 450438}
  m_RootOrder: 0
--- !u!4 &450438
Transform:
  m_ObjectHideFlags: 1
  m_PrefabParentObject: {fileID: 0}
  m_PrefabInternal: {fileID: 100100000}
  m_GameObject: {fileID: 187340}
  m_LocalRotation: {x: 0, y: 0, z: 1, w: -0.00000016292068}
  m_LocalPosition: {x: 0.3, y: -8.99, z: 0}
  m_LocalScale: {x: 1, y: 1, z: 1}
  m_Children:
  - {fileID: 448216}
  - {fileID: 435064}
  m_Father: {fileID: 403764}
  m_RootOrder: 1
--- !u!4 &462846
Transform:
  m_ObjectHideFlags: 1
  m_PrefabParentObject: {fileID: 0}
  m_PrefabInternal: {fileID: 100100000}
  m_GameObject: {fileID: 131494}
  m_LocalRotation: {x: 0, y: 0, z: 0, w: 1}
  m_LocalPosition: {x: -0.03, y: 0.21, z: 0}
  m_LocalScale: {x: 1.6637897, y: 1.8249538, z: 1}
  m_Children: []
  m_Father: {fileID: 465002}
  m_RootOrder: 1
--- !u!4 &465002
Transform:
  m_ObjectHideFlags: 1
  m_PrefabParentObject: {fileID: 0}
  m_PrefabInternal: {fileID: 100100000}
  m_GameObject: {fileID: 195388}
  m_LocalRotation: {x: 0, y: 0, z: 0, w: 1}
  m_LocalPosition: {x: 5.45, y: -0.06, z: 0}
  m_LocalScale: {x: 1, y: 1, z: 1}
  m_Children:
  - {fileID: 404600}
  - {fileID: 462846}
  m_Father: {fileID: 403764}
  m_RootOrder: 0
--- !u!4 &488274
Transform:
  m_ObjectHideFlags: 1
  m_PrefabParentObject: {fileID: 0}
  m_PrefabInternal: {fileID: 100100000}
  m_GameObject: {fileID: 151780}
  m_LocalRotation: {x: 0, y: 0, z: 0, w: 1}
  m_LocalPosition: {x: 0, y: 0, z: 0}
  m_LocalScale: {x: 1, y: 1, z: 1}
  m_Children: []
  m_Father: {fileID: 403764}
  m_RootOrder: 2
--- !u!60 &6014364
PolygonCollider2D:
  m_ObjectHideFlags: 1
  m_PrefabParentObject: {fileID: 0}
  m_PrefabInternal: {fileID: 100100000}
  m_GameObject: {fileID: 150968}
  m_Enabled: 1
  m_Density: 1
  m_Material: {fileID: 0}
  m_IsTrigger: 0
  m_UsedByEffector: 0
  m_Offset: {x: 0, y: 0}
  m_Points:
    m_Paths:
    - - {x: 0.35, y: -0.16499999}
      - {x: 0.35999998, y: -0.095}
      - {x: 0.37, y: -0.005}
      - {x: 0.39999998, y: 0.255}
      - {x: 0.42999998, y: 0.505}
      - {x: 0.48, y: 0.565}
      - {x: 0.48999998, y: 0.615}
      - {x: 0.53999996, y: 1.015}
      - {x: 0.53999996, y: 1.1949999}
      - {x: -0.53999996, y: 1.1949999}
      - {x: -0.53999996, y: 1.0849999}
      - {x: -0.53, y: 1.045}
      - {x: -0.44, y: 0.705}
      - {x: -0.37, y: 0.445}
      - {x: -0.28, y: 0.114999995}
      - {x: -0.21, y: 0.035}
      - {x: -0.17999999, y: -0.044999998}
      - {x: -0.16, y: -0.145}
      - {x: -0.07, y: -0.585}
      - {x: 0, y: -0.935}
      - {x: 0.02, y: -1.025}
      - {x: 0.049999997, y: -1.155}
      - {x: 0.07, y: -1.1949999}
      - {x: 0.17999999, y: -1.1949999}
      - {x: 0.19999999, y: -1.155}
      - {x: 0.19999999, y: -1.0649999}
      - {x: 0.29, y: -0.255}
--- !u!60 &6016962
PolygonCollider2D:
  m_ObjectHideFlags: 1
  m_PrefabParentObject: {fileID: 0}
  m_PrefabInternal: {fileID: 100100000}
  m_GameObject: {fileID: 178542}
  m_Enabled: 1
  m_Density: 1
  m_Material: {fileID: 0}
  m_IsTrigger: 0
  m_UsedByEffector: 0
  m_Offset: {x: 0, y: 0}
  m_Points:
    m_Paths:
    - - {x: 0.29, y: -0.255}
      - {x: 0.35, y: -0.16499999}
      - {x: 0.37, y: -0.015}
      - {x: 0.42999998, y: 0.505}
      - {x: 0.48, y: 0.565}
      - {x: 0.48999998, y: 0.615}
      - {x: 0.51, y: 0.775}
      - {x: 0.53, y: 0.92499995}
      - {x: 0.53999996, y: 1.005}
      - {x: 0.53999996, y: 1.1949999}
      - {x: -0.53999996, y: 1.1949999}
      - {x: -0.53999996, y: 1.0849999}
      - {x: -0.53, y: 1.045}
      - {x: -0.45999998, y: 0.78499997}
      - {x: -0.38, y: 0.48499998}
      - {x: -0.31, y: 0.225}
      - {x: -0.28, y: 0.114999995}
      - {x: -0.21, y: 0.035}
      - {x: -0.17999999, y: -0.044999998}
      - {x: -0.089999996, y: -0.49499997}
      - {x: -0.06, y: -0.685}
      - {x: 0.04, y: -1.115}
      - {x: 0.049999997, y: -1.155}
      - {x: 0.07, y: -1.1949999}
      - {x: 0.17999999, y: -1.1949999}
      - {x: 0.19999999, y: -1.155}
      - {x: 0.19999999, y: -1.055}
      - {x: 0.26999998, y: -0.42499998}
--- !u!60 &6084298
PolygonCollider2D:
  m_ObjectHideFlags: 1
  m_PrefabParentObject: {fileID: 0}
  m_PrefabInternal: {fileID: 100100000}
  m_GameObject: {fileID: 155850}
  m_Enabled: 1
  m_Density: 1
  m_Material: {fileID: 0}
  m_IsTrigger: 0
  m_UsedByEffector: 0
  m_Offset: {x: 0, y: 0}
  m_Points:
    m_Paths:
    - - {x: 0.29, y: -0.255}
      - {x: 0.35, y: -0.16499999}
      - {x: 0.37, y: -0.015}
      - {x: 0.42999998, y: 0.505}
      - {x: 0.48, y: 0.565}
      - {x: 0.48999998, y: 0.615}
      - {x: 0.51, y: 0.775}
      - {x: 0.53, y: 0.92499995}
      - {x: 0.53999996, y: 1.005}
      - {x: 0.53999996, y: 1.1949999}
      - {x: -0.53999996, y: 1.1949999}
      - {x: -0.53999996, y: 1.0849999}
      - {x: -0.53, y: 1.045}
      - {x: -0.45999998, y: 0.78499997}
      - {x: -0.38, y: 0.48499998}
      - {x: -0.31, y: 0.225}
      - {x: -0.28, y: 0.114999995}
      - {x: -0.21, y: 0.035}
      - {x: -0.17999999, y: -0.044999998}
      - {x: -0.089999996, y: -0.49499997}
      - {x: -0.06, y: -0.685}
      - {x: 0.04, y: -1.115}
      - {x: 0.049999997, y: -1.155}
      - {x: 0.07, y: -1.1949999}
      - {x: 0.17999999, y: -1.1949999}
      - {x: 0.19999999, y: -1.155}
      - {x: 0.19999999, y: -1.055}
      - {x: 0.26999998, y: -0.42499998}
--- !u!60 &6098070
PolygonCollider2D:
  m_ObjectHideFlags: 1
  m_PrefabParentObject: {fileID: 0}
  m_PrefabInternal: {fileID: 100100000}
  m_GameObject: {fileID: 131494}
  m_Enabled: 1
  m_Density: 1
  m_Material: {fileID: 0}
  m_IsTrigger: 0
  m_UsedByEffector: 0
  m_Offset: {x: 0, y: 0}
  m_Points:
    m_Paths:
    - - {x: 0.35, y: -0.16499999}
      - {x: 0.35999998, y: -0.095}
      - {x: 0.37, y: -0.005}
      - {x: 0.39999998, y: 0.255}
      - {x: 0.42999998, y: 0.505}
      - {x: 0.48, y: 0.565}
      - {x: 0.48999998, y: 0.615}
      - {x: 0.53999996, y: 1.015}
      - {x: 0.53999996, y: 1.1949999}
      - {x: -0.53999996, y: 1.1949999}
      - {x: -0.53999996, y: 1.0849999}
      - {x: -0.53, y: 1.045}
      - {x: -0.44, y: 0.705}
      - {x: -0.37, y: 0.445}
      - {x: -0.28, y: 0.114999995}
      - {x: -0.21, y: 0.035}
      - {x: -0.17999999, y: -0.044999998}
      - {x: -0.16, y: -0.145}
      - {x: -0.07, y: -0.585}
      - {x: 0, y: -0.935}
      - {x: 0.02, y: -1.025}
      - {x: 0.049999997, y: -1.155}
      - {x: 0.07, y: -1.1949999}
      - {x: 0.17999999, y: -1.1949999}
      - {x: 0.19999999, y: -1.155}
      - {x: 0.19999999, y: -1.0649999}
      - {x: 0.29, y: -0.255}
--- !u!61 &6140554
BoxCollider2D:
  m_ObjectHideFlags: 1
  m_PrefabParentObject: {fileID: 0}
  m_PrefabInternal: {fileID: 100100000}
  m_GameObject: {fileID: 151780}
  m_Enabled: 1
  m_Density: 1
  m_Material: {fileID: 0}
  m_IsTrigger: 1
  m_UsedByEffector: 0
  m_Offset: {x: 6.42, y: -4.41}
  serializedVersion: 2
  m_Size: {x: 0.22, y: 11}
--- !u!114 &11414788
MonoBehaviour:
  m_ObjectHideFlags: 1
  m_PrefabParentObject: {fileID: 0}
  m_PrefabInternal: {fileID: 100100000}
  m_GameObject: {fileID: 194446}
  m_Enabled: 1
  m_EditorHideFlags: 0
  m_Script: {fileID: 11500000, guid: 2e8c61f8a50935645805b4c100cf7c03, type: 3}
  m_Name: 
  m_EditorClassIdentifier: 
  speedMovement: -5
--- !u!212 &21203638
SpriteRenderer:
  m_ObjectHideFlags: 1
  m_PrefabParentObject: {fileID: 0}
  m_PrefabInternal: {fileID: 100100000}
  m_GameObject: {fileID: 131494}
  m_Enabled: 1
  m_CastShadows: 0
  m_ReceiveShadows: 0
  m_Materials:
  - {fileID: 10754, guid: 0000000000000000e000000000000000, type: 0}
  m_SubsetIndices: 
  m_StaticBatchRoot: {fileID: 0}
  m_UseLightProbes: 0
  m_ReflectionProbeUsage: 0
  m_ProbeAnchor: {fileID: 0}
  m_ScaleInLightmap: 1
  m_PreserveUVs: 0
  m_IgnoreNormalsForChartDetection: 0
  m_ImportantGI: 0
  m_MinimumChartSize: 4
  m_AutoUVMaxDistance: 0.5
  m_AutoUVMaxAngle: 89
  m_LightmapParameters: {fileID: 0}
  m_SortingLayerID: 546781785
  m_SortingOrder: 1
  m_Sprite: {fileID: 21300000, guid: 5858cf03bba1c944b83e15e7229fcfb2, type: 3}
  m_Color: {r: 1, g: 1, b: 1, a: 1}
  m_FlipX: 0
  m_FlipY: 0
--- !u!212 &21287938
SpriteRenderer:
  m_ObjectHideFlags: 1
  m_PrefabParentObject: {fileID: 0}
  m_PrefabInternal: {fileID: 100100000}
  m_GameObject: {fileID: 150968}
  m_Enabled: 1
  m_CastShadows: 0
  m_ReceiveShadows: 0
  m_Materials:
  - {fileID: 10754, guid: 0000000000000000e000000000000000, type: 0}
  m_SubsetIndices: 
  m_StaticBatchRoot: {fileID: 0}
  m_UseLightProbes: 0
  m_ReflectionProbeUsage: 0
  m_ProbeAnchor: {fileID: 0}
  m_ScaleInLightmap: 1
  m_PreserveUVs: 0
  m_IgnoreNormalsForChartDetection: 0
  m_ImportantGI: 0
  m_MinimumChartSize: 4
  m_AutoUVMaxDistance: 0.5
  m_AutoUVMaxAngle: 89
  m_LightmapParameters: {fileID: 0}
  m_SortingLayerID: 546781785
  m_SortingOrder: 1
  m_Sprite: {fileID: 21300000, guid: 5858cf03bba1c944b83e15e7229fcfb2, type: 3}
  m_Color: {r: 1, g: 1, b: 1, a: 1}
  m_FlipX: 0
  m_FlipY: 0
--- !u!212 &21293494
SpriteRenderer:
  m_ObjectHideFlags: 1
  m_PrefabParentObject: {fileID: 0}
  m_PrefabInternal: {fileID: 100100000}
  m_GameObject: {fileID: 178542}
  m_Enabled: 1
  m_CastShadows: 0
  m_ReceiveShadows: 0
  m_Materials:
  - {fileID: 10754, guid: 0000000000000000e000000000000000, type: 0}
  m_SubsetIndices: 
  m_StaticBatchRoot: {fileID: 0}
  m_UseLightProbes: 0
  m_ReflectionProbeUsage: 0
  m_ProbeAnchor: {fileID: 0}
  m_ScaleInLightmap: 1
  m_PreserveUVs: 0
  m_IgnoreNormalsForChartDetection: 0
  m_ImportantGI: 0
  m_MinimumChartSize: 4
  m_AutoUVMaxDistance: 0.5
  m_AutoUVMaxAngle: 89
  m_LightmapParameters: {fileID: 0}
  m_SortingLayerID: 546781785
  m_SortingOrder: 2
  m_Sprite: {fileID: 21300000, guid: 804fecfb1e5dcbd418ef088bbba983ad, type: 3}
  m_Color: {r: 1, g: 1, b: 1, a: 1}
  m_FlipX: 0
  m_FlipY: 0
--- !u!212 &21296608
SpriteRenderer:
  m_ObjectHideFlags: 1
  m_PrefabParentObject: {fileID: 0}
  m_PrefabInternal: {fileID: 100100000}
  m_GameObject: {fileID: 155850}
  m_Enabled: 1
  m_CastShadows: 0
  m_ReceiveShadows: 0
  m_Materials:
  - {fileID: 10754, guid: 0000000000000000e000000000000000, type: 0}
  m_SubsetIndices: 
  m_StaticBatchRoot: {fileID: 0}
  m_UseLightProbes: 0
  m_ReflectionProbeUsage: 0
  m_ProbeAnchor: {fileID: 0}
  m_ScaleInLightmap: 1
  m_PreserveUVs: 0
  m_IgnoreNormalsForChartDetection: 0
  m_ImportantGI: 0
  m_MinimumChartSize: 4
  m_AutoUVMaxDistance: 0.5
  m_AutoUVMaxAngle: 89
  m_LightmapParameters: {fileID: 0}
  m_SortingLayerID: 546781785
  m_SortingOrder: 2
  m_Sprite: {fileID: 21300000, guid: 804fecfb1e5dcbd418ef088bbba983ad, type: 3}
  m_Color: {r: 1, g: 1, b: 1, a: 1}
  m_FlipX: 0
  m_FlipY: 0
--- !u!1001 &100100000
Prefab:
  m_ObjectHideFlags: 1
  serializedVersion: 2
  m_Modification:
    m_TransformParent: {fileID: 0}
    m_Modifications: []
    m_RemovedComponents: []
  m_ParentPrefab: {fileID: 0}
  m_RootGameObject: {fileID: 194446}
  m_IsPrefabParent: 1
